@misc{gnrpa,
    title={Generalized Nested Rollout Policy Adaptation},
    author={Tristan Cazenave},
    year={2020},
    eprint={2003.10024},
    archivePrefix={arXiv},
    primaryClass={cs.AI}
}

@article{comp_mcts_mo,
author = {Bertsimas, Dimitris and Griffith, J. and Gupta, Vishal and Kochenderfer, Mykel and Mišić, Velibor and Moss, Robert},
year = {2014},
month = {05},
pages = {},
title = {A Comparison of Monte Carlo Tree Search and Mathematical Optimization for Large Scale Dynamic Resource Allocation}
}
